

@book{sidi1997spacecraft,
	title={Spacecraft Dynamics and Control: A Practical Engineering Approach},
	author={Sidi, M.J.},
	isbn={9780521787802},
	lccn={96022511},
	series={Cambridge Aerospace Series},
	url={https://books.google.com/books?id=xQpZJMtDehQC},
	year={1997},
	publisher={Cambridge University Press}
}

@article{fleischer1974attitude,
	title={Attitude dynamics simulation subroutines for systems of hinge-connected rigid bodies},
	author={Fleischer, Gerald E and Likins, Peter W},
	year={1974}
}

@article{moosavian2004explicit,
	title={Explicit dynamics of space free-flyers with multiple manipulators via SPACEMAPLE},
	author={Moosavian, S Ali A and Papadopoulos, Evangelos},
	journal={Advanced robotics},
	volume={18},
	number={2},
	pages={223--244},
	year={2004},
	publisher={Taylor \& Francis}
}

@article{kane1980formulation,
	title={Formulation of equations of motion for complex spacecraft},
	author={Kane, Thomas R and Levinson, David A},
	journal={Journal of Guidance, Control, and Dynamics},
	volume={3},
	number={2},
	pages={99--112},
	year={1980}
}

@book{angeles2014kinematics,
	title={Kinematics and dynamics of multi-body systems},
	author={Angeles, Jorge and Kecskem{\'e}thy, A},
	volume={360},
	year={2014},
	publisher={Springer}
}

@inproceedings{zarafshan2010manipulation,
	title={Manipulation control of a space robot with flexible solar panels},
	author={Zarafshan, Payam and Moosavian, S Ali A},
	booktitle={Advanced Intelligent Mechatronics (AIM), 2010 IEEE/ASME International Conference on},
	pages={1099--1104},
	year={2010},
	organization={IEEE}
}

@article{wie1986modeling,
	title={Modeling and simulation of spacecraft solar array deployment},
	author={Wie, B and Furumoto, N and Banerjee, AK and Barba, PM},
	journal={Journal of Guidance, Control, and Dynamics},
	volume={9},
	number={5},
	pages={593--598},
	year={1986}
}

@article{kuang2004nonlinear,
	title={Nonlinear dynamics of a satellite with deployable solar panel arrays},
	author={Kuang, Jinlu and Meehan, Paul A and Leung, AYT and Tan, Soonhie},
	journal={International Journal of Non-Linear Mechanics},
	volume={39},
	number={7},
	pages={1161--1179},
	year={2004},
	publisher={Elsevier}
}

@article{wallrapp2002simulation,
	title={Simulation of deployment of a flexible solar array},
	author={Wallrapp, Oskar and Wiedemann, Simon},
	journal={Multibody System Dynamics},
	volume={7},
	number={1},
	pages={101--125},
	year={2002},
	publisher={Springer}
}

@article{jerkovsky1978structure,
	title={The structure of multibody dynamics equations},
	author={Jerkovsky, W},
	journal={Journal of Guidance, Control, and Dynamics},
	volume={1},
	number={3},
	pages={173--182},
	year={1978}
}

@book{schaub,
	Address = {Reston, VA},
	Author = {Hanspeter Schaub and John L. Junkins},
	Doi = {10.2514/4.102400},
	Edition = {3rd},
	Keywords = {celestial mechanics, kinematics},
	Publisher = {{AIAA} Education Series},
	Title = {Analytical Mechanics of Space Systems},
	Year = {2014}}

@conference{Allard2016rz,
	Address = {Breckenridge, {CO}},
	Author = {C. Allard and Hanspeter Schaub and Scott Piggott},
	Booktitle = {AAS Guidance and Control Conference},
	Month = {Feb. 5--10},
	Note = {{P}aper No. AAS-16-156},
	Title = {General Hinged Solar Panel Dynamics Approximating First-Order Spacecraft Flexing},
	Year = {2016}}

@incollection{vreeburg2001,
	Author = {Vreeburg J. and Veldman P.},
	Title = {Transient and sloshing motions in an unsupported container},
	Edition = {1st},
	Editor = {Monti, R.},
	Booktitle = {Physics of Fluids in Microgravity},
	Publisher = {Taylor and Francis},
	Year = {2001}
}

@PhdThesis{gerrits2001,
	author = {Gerrits, J.},
	title = {Dynamics of Liquid-Filled Spacecraft},
	school = {University of Groningen},
	month = {December},
	year = {2001}
}

@conference{luppes1978,
	title = {Liquid Sloshing in Microgravity},
	author = {Luppes, R and Helder, J and Veldman, A.},
	Booktitle = {56th International Astronautical Congress of the International Astronautical Federation, the International Academy of Astronautics, and the International Institute of Space Law, International Astronautical Congress (IAF)},
	address = {Fukuoka, Japan},
	year = {2005}
}

@article{hung1996,
	title = {Slosh Dynamics Coupled with Spacecraft Attitude Dynamics Part 1: Formulation and Theory},
	author = {Hung, R. and Chi, Y.},
	journal = {Journal of Spacecraft and Rockets},
	volume = {33},
	number = {4},
	month = {July-August},
	year = {1996}
}

@conference{buseck1993,
	title={Mechanical Models for Slosh and Liquid Fuel},
	author={Buseck, R. and Benaroya, H.},
	Booktitle = {Aerospace Design Conference},
	address = {Irving, {CA}, {USA}},
	Note = {{P}aper No. AIAA-93-1093},
	year = {1993}
}

@conference{schlee2006,
	title={Parameter Estimation of Spacecraft Fuel Slosh},
	author={Schlee, K. and Gangadharan, S. and Ristow, J. and Sudermann, J. and Walker, C.},
	Booktitle = {Structures, Structural Dynamics, and Materials Conference},
	address = {Newport, {RI}, {USA}},
	Note = {{P}aper No. AIAA 2006-1886},
	month = {May},
	year = {2006}
}

@conference{marsell2009,
	title = {A CFD Approach to Modeling Spacecraft Fuel Slosh},
	author = {Marsell, B. and Gangadharan, S. and Chatman, Y. and Suddermann, J. and Schlee, K. and Ristow, J.},
	Booktitle = {47th AIAA Aerospace Sciences Meeting Including The New Horizons Forum and Aerospace Exposition},
	address = {Orlando, {FL}, {USA}},
	Note = {{P}aper No. AIAA 2009-366},
	month = {January},
	year = {2009}
}

@conference{theureau2013,
	title = {Integration of low g sloshing models with spacecraft attitude control simulators},
	author = {Theureau, D. and Busset, B. and Bavestrello, H. and Dandaleix, L. and Tanguy, S. and Mignot, J. and Maureau, J.},
	Booktitle = {AIAA Guidance, Navigation, and Control (GNC) Conference},
	address = {Boston, {MA}, {USA}},
	month = {August},
	year = {2013}
}

@conference{zhou2010,
	title = {Experimental Methodology and Numerical Technique for 6-DOF Tank Slosh Dynamics},
	author = {Zhou, R. and Vergalla, M. and Kirk, D. and Gutierrez, H.},
	Booktitle = {46th AIAA/ASME/SAE//ASEE Joint Propulsion COnference and Exhibit},
	address = {Nashville, {TN}, {USA}},
	Note = {{P}aper No. AIAA 2010-6977},
	month = {July},
	year = {2010}
}

@conference{kana1986,
	author = {Kana, D.},
	title = {A Model for Nonlinear Rotary Slosh in Propellant Tanks},
	Booktitle = {27th Structures, Structural Dynamics and Materials Conference Structures, Structural Dynamics, and Materials},
	address = {San Antonio, {TX}, {USA}},
	year = {1986}
}


@conference{enright1994,
	author = {Enright, P. and Wong, E.},
	title = {Propellant Slosh Models for the Cassini Spacecraft},
	Booktitle = {Astrodynamics Conference, Guidance, Navigation, and Control},
	address = {Scottsdale, {AZ}, {USA}},
	Note = {{P}aper No. AIAA-94-3730-CP},
	year = {1994}
}

@techreport{abramson1966,
	author = {Abramson, H.},
	title = {The Dynamic Behavior of Liquids in Moving Containers},
	institution = {NASA},
	number = {SP-106},
	year = {1966}
}

@techreport{dodge2000,
	author = {Dodge, F.},
	title = {The New Dynamic Behavior of Liquids in Moving Containers},
	institution = {Southwest Research Institute},
	address = {San Antonio, {TX}, {USA}},
	year = {2000}
}

@article{akyildiz2006,
	title={Sloshing in a three-dimensional rectangular tank: Numerical simulation and experimental validation},
	author={Akyildiz, H. and Erdem, N.},
	journal={Ocean Engineering},
	volume={33},
	number={16},
	pages={2135--2149},
	year={2006},
	publisher={Elsevier}
}