

@book{vallado2001,
  author    = {David Vallado}, 
  title     = {Fundamentals of Astrodynamics and Applications},
  publisher = {Microcosm press},
  year      = {2001},
  edition   = 2nd,
}
