

@book{schaub,
	Address = {Reston, VA},
	Author = {Hanspeter Schaub and John L. Junkins},
	Date-Added = {2019-03-12 12:28:14 -0600},
	Date-Modified = {2019-03-12 12:28:14 -0600},
	Doi = {10.2514/4.105210},
	Edition = {4th},
	Keywords = {celestial mechanics, kinematics},
	Publisher = {{AIAA} Education Series},
	Title = {Analytical Mechanics of Space Systems},
	Year = {2018},
	Bdsk-File-1 = {YnBsaXN0MDDSAQIDBFxyZWxhdGl2ZVBhdGhZYWxpYXNEYXRhXxArLi4vLi4vLi4vLi4vLi4vLi4vLi4vUGFwZXJzL1NjaGF1YjIwMDlhLnBkZk8RAVAAAAAAAVAAAgAADE1hY2ludG9zaCBIRAAAAAAAAAAAAAAAAAAAAAAAAABCRAAB/////w9TY2hhdWIyMDA5YS5wZGYAAAAAAAAAAAAAAAAAAAAAAAAAAAAAAAAAAAAAAAAAAAAAAAAAAAAAAAAAAAAAAAD/////AAAAAAAAAAAAAAAAAAcAAgAACiBjdQAAAAAAAAAAAAAAAAAGUGFwZXJzAAIAKy86VXNlcnM6aHA6RG9jdW1lbnRzOlBhcGVyczpTY2hhdWIyMDA5YS5wZGYAAA4AIAAPAFMAYwBoAGEAdQBiADIAMAAwADkAYQAuAHAAZABmAA8AGgAMAE0AYQBjAGkAbgB0AG8AcwBoACAASABEABIAKVVzZXJzL2hwL0RvY3VtZW50cy9QYXBlcnMvU2NoYXViMjAwOWEucGRmAAATAAEvAAAVAAIACf//AAAACAANABoAJABSAAAAAAAAAgEAAAAAAAAABQAAAAAAAAAAAAAAAAAAAaY=},
	Bdsk-File-2 = {YnBsaXN0MDDSAQIDBFxyZWxhdGl2ZVBhdGhZYWxpYXNEYXRhXxArLi4vLi4vLi4vLi4vLi4vLi4vLi4vUGFwZXJzL1NjaGF1YjIwMTRiLnBkZk8RAVAAAAAAAVAAAgAADE1hY2ludG9zaCBIRAAAAAAAAAAAAAAAAAAAAAAAAABCRAAB/////w9TY2hhdWIyMDE0Yi5wZGYAAAAAAAAAAAAAAAAAAAAAAAAAAAAAAAAAAAAAAAAAAAAAAAAAAAAAAAAAAAAAAAD/////AAAAAAAAAAAAAAAAAAcAAgAACiBjdQAAAAAAAAAAAAAAAAAGUGFwZXJzAAIAKy86VXNlcnM6aHA6RG9jdW1lbnRzOlBhcGVyczpTY2hhdWIyMDE0Yi5wZGYAAA4AIAAPAFMAYwBoAGEAdQBiADIAMAAxADQAYgAuAHAAZABmAA8AGgAMAE0AYQBjAGkAbgB0AG8AcwBoACAASABEABIAKVVzZXJzL2hwL0RvY3VtZW50cy9QYXBlcnMvU2NoYXViMjAxNGIucGRmAAATAAEvAAAVAAIACf//AAAACAANABoAJABSAAAAAAAAAgEAAAAAAAAABQAAAAAAAAAAAAAAAAAAAaY=}}

@book{Grifin:2005hx,
	Address = {Reston, VA},
	Author = {Michael D. Grifin and James R. French},
	Date-Added = {2019-03-12 12:01:04 -0600},
	Date-Modified = {2019-03-12 12:01:04 -0600},
	Doi = {10.2514/4.862403},
	Publisher = {{AIAA} Education Series},
	Title = {Space Vehicle Design},
	Year = {2005},
	Bdsk-File-1 = {YnBsaXN0MDDSAQIDBFxyZWxhdGl2ZVBhdGhZYWxpYXNEYXRhXxAqLi4vLi4vLi4vLi4vLi4vLi4vLi4vUGFwZXJzL0dyaWZpbjIwMDUucGRmTxEBSgAAAAABSgACAAAMTWFjaW50b3NoIEhEAAAAAAAAAAAAAAAAAAAAAAAAAEJEAAH/////DkdyaWZpbjIwMDUucGRmAAAAAAAAAAAAAAAAAAAAAAAAAAAAAAAAAAAAAAAAAAAAAAAAAAAAAAAAAAAAAAAAAP////8AAAAAAAAAAAAAAAAABwACAAAKIGN1AAAAAAAAAAAAAAAAAAZQYXBlcnMAAgAqLzpVc2VyczpocDpEb2N1bWVudHM6UGFwZXJzOkdyaWZpbjIwMDUucGRmAA4AHgAOAEcAcgBpAGYAaQBuADIAMAAwADUALgBwAGQAZgAPABoADABNAGEAYwBpAG4AdABvAHMAaAAgAEgARAASAChVc2Vycy9ocC9Eb2N1bWVudHMvUGFwZXJzL0dyaWZpbjIwMDUucGRmABMAAS8AABUAAgAJ//8AAAAIAA0AGgAkAFEAAAAAAAACAQAAAAAAAAAFAAAAAAAAAAAAAAAAAAABnw==}}

@book{Markley:2014lj,
	Address = {New York},
	Author = {F. Landis Markley and John L. Crassidis},
	Date-Added = {2019-03-12 12:00:35 -0600},
	Date-Modified = {2019-03-12 12:00:35 -0600},
	Doi = {10.1007/978-1-4939-0802-8},
	Publisher = {Springer},
	Title = {Fundamentals of Spacecraft Attitude Determination and Control},
	Year = {2014},
	Bdsk-File-1 = {YnBsaXN0MDDSAQIDBFxyZWxhdGl2ZVBhdGhZYWxpYXNEYXRhXxArLi4vLi4vLi4vLi4vLi4vLi4vLi4vUGFwZXJzL01hcmtsZXkyMDE0LnBkZk8RAVAAAAAAAVAAAgAADE1hY2ludG9zaCBIRAAAAAAAAAAAAAAAAAAAAAAAAABCRAAB/////w9NYXJrbGV5MjAxNC5wZGYAAAAAAAAAAAAAAAAAAAAAAAAAAAAAAAAAAAAAAAAAAAAAAAAAAAAAAAAAAAAAAAD/////AAAAAAAAAAAAAAAAAAcAAgAACiBjdQAAAAAAAAAAAAAAAAAGUGFwZXJzAAIAKy86VXNlcnM6aHA6RG9jdW1lbnRzOlBhcGVyczpNYXJrbGV5MjAxNC5wZGYAAA4AIAAPAE0AYQByAGsAbABlAHkAMgAwADEANAAuAHAAZABmAA8AGgAMAE0AYQBjAGkAbgB0AG8AcwBoACAASABEABIAKVVzZXJzL2hwL0RvY3VtZW50cy9QYXBlcnMvTWFya2xleTIwMTQucGRmAAATAAEvAAAVAAIACf//AAAACAANABoAJABSAAAAAAAAAgEAAAAAAAAABQAAAAAAAAAAAAAAAAAAAaY=}}

@article{pines1973,
	Author = {Samuel Pines},
	Journal = {AIAA Journal},
	Number = {11},
	Pages = {1508-1511},
	Title = {Uniform Representation of the Gravitational Potential and its derivatives},
	Volume = {11},
	Year = 1973}

@article{lundberg1988,
	Author = {Lundberg, J. and Schutz, B.},
	Journal = {Journal of Guidance AIAA},
	Number = {1},
	Pages = {31-38},
	Title = {Recursion Formulas of Legendre Functions for Use with Nonsingular Geopotential Models},
	Volume = {11},
	Year = 1988}

@book{vallado2013,
	Author = {David Vallado},
	Edition = 4,
	Publisher = {Microcosm press},
	Title = {Fundamentals of Astrodynamics and Applications},
	Year = {2013}}

@book{scheeres2012,
	Author = {Daniel Scheeres},
	Edition = 1,
	Publisher = {Springer},
	Title = {Orbital Motion in Strongly Perturbed Environments},
	Year = {2012}}
