@BOOK{Schaub,
  TITLE = {Analytical Mechanics of Space Systems, Fourth Edition},
  AUTHOR = {Schaub, Hanspeter and Junkins, John L.},
  YEAR = {2018},
  PUBLISHER = {AIAA},
}