@conference{Allard2016rz,
	Address = {Breckenridge, {CO}},
	Author = {C. Allard and Hanspeter Schaub and Scott Piggott},
	Booktitle = {AAS Guidance and Control Conference},
	Month = {Feb. 5--10},
	Note = {{P}aper No. AAS-16-156},
	Title = {General Hinged Solar Panel Dynamics Approximating First-Order Spacecraft Flexing},
	Year = {2016}}
