@BOOK{SMAD,
author = "Wiley J. Larson; James R. Wertz",
title="Space Mission Engineering: The New SMAD",
isbn="978-1881883104",
publisher="Space Technology Library",
edition="3rd",
year="1999"
}