@conference{Allard2016rz,
	Address = {Breckenridge, {CO}},
	Author = {C. Allard and Hanspeter Schaub and Scott Piggott},
	Booktitle = {AAS Guidance and Control Conference},
	Month = {Feb. 5--10},
	Note = {{P}aper No. AAS-16-156},
	Title = {General Hinged Solar Panel Dynamics Approximating First-Order Spacecraft Flexing},
	Year = {2016}}

@conference{Alcorn:2016yq,
	Address = {Long Beach, CA},
	Author = {John Alcorn and Cody Allard and Hanspeter Schaub},
	Booktitle = {AIAA/AAS Astrodynamics Specialist Conference},
	Month = {Sept. 12--15},
	Title = {Fully-Coupled Dynamical Modeling of a Rigid Spacecraft with Imbalanced Reaction Wheels},
	Year = {2016}}

@book{schaub,
	Address = {Reston, VA},
	Author = {Hanspeter Schaub and John L. Junkins},
	Doi = {10.2514/4.102400},
	Edition = {3rd},
	Keywords = {celestial mechanics, kinematics},
	Publisher = {{AIAA} Education Series},
	Title = {Analytical Mechanics of Space Systems},
	Year = {2014}}
	
@article{OLSSON1998176,
	title = "Friction Models and Friction Compensation",
	journal = "European Journal of Control",
	volume = "4",
	number = "3",
	pages = "176 - 195",
	year = "1998",
	issn = "0947-3580",
	doi = "https://doi.org/10.1016/S0947-3580(98)70113-X",
	url = "http://www.sciencedirect.com/science/article/pii/S094735809870113X",
	author = "H. Olsson and K.J. Å	ström and C. Canudas de Wit and M. Gäfvert and P. Lischinsky",
	keywords = "Friction, Friction compensation, Models, Observers, Passivity"}